@article{scikit-learn,
  title   = {Scikit-learn: Machine Learning in {P}ython},
  author  = {Pedregosa, F. and Varoquaux, G. and Gramfort, A. and Michel, V.
         and Thirion, B. and Grisel, O. and Blondel, M. and Prettenhofer, P.
         and Weiss, R. and Dubourg, V. and Vanderplas, J. and Passos, A. and
         Cournapeau, D. and Brucher, M. and Perrot, M. and Duchesnay, E.},
  journal = {Journal of Machine Learning Research},
  volume  = {12},
  pages   = {2825--2830},
  year    = {2011}
}

@article{JMLR:v18:16-558,
  author  = {Lisha Li and Kevin Jamieson and Giulia DeSalvo and Afshin Rostamizadeh and Ameet Talwalkar},
  title   = {Hyperband: A Novel Bandit-Based Approach to Hyperparameter Optimization},
  journal = {Journal of Machine Learning Research},
  year    = {2018},
  volume  = {18},
  number  = {185},
  pages   = {1-52},
  url     = {http://jmlr.org/papers/v18/16-558.html}
}

@article{Chen_2016,
  title     = {XGBoost},
  isbn      = {9781450342322},
  url       = {http://dx.doi.org/10.1145/2939672.2939785},
  doi       = {10.1145/2939672.2939785},
  journal   = {Proceedings of the 22nd ACM SIGKDD International Conference on Knowledge Discovery and Data Mining},
  publisher = {ACM},
  author    = {Chen, Tianqi and Guestrin, Carlos},
  year      = {2016},
  month     = {Aug}
}