@article{And18,
  author  = {Andoulaki et al.},
  year    = {2018},
  title   = {Hyperledger Fabric: A Distributed Operating System for Permissioned 
  Blockchains},
  journal = {EuroSys '18}
}

@article{vic15,
  author  = {Kawasami{,} Arnautovic{,} and Svetinovic},
  year    = {2015},
  month   = {March},
  title   = {Bitcoin-Based Decentralised Carbon Emissions Trading 
  Infrastructure Model},
  journal = {Systems Engineering},
  volume  = {18},
  issue   = {2}
}

@misc{Bru18,
  author   = {Bruce et al.},
  year     = {2018},
  title    = {National Hydrogen Roadmap},
  journal  = {CSIRO},
  location = {Australia}
}

@misc{Erg13,
  author    = {Talberg et al.},
  year      = {2013},
  title     = {Emissions trading schemes around the world},
  publisher = {Parliamentary Library}
}

@misc{EconT,
  title  = {The trust machine},
  year   = {2015},
  month  = {October},
  author = {{The Economist}},
  editor = {The Economist},
  url    = {https://www.economist.com/leaders/2015/10/31/the-trust-machine}
}

@misc{EconE,
  title  = {The world urgently needs to expand its use of carbon prices},
  year   = {2020},
  month  = {May},
  author = {{The Economist}},
  editor = {The Economist}
}

@misc{coag,
  title  = {Australia's National Hydrogen Strategy},
  year   = {2019},
  author = {{COAG}},
  editor = {COAG}
}

@misc{stan,
  title  = {Hydrogen standards release summary},
  year   = {2020},
  month  = {July},
  author = {{Standards Australia}},
  editor = {Standards Australia}
}

@misc{certifhy,
  title   = {Project Description},
  url     = {https://www.certifhy.eu/},
  year    = {2021},
  journal = {certifhy},
  author  = {{certifHy}}
} 
